@ARTICLE{ieeeRusso,
  author = {Aurel–Ionuţ CHIRILA and Ioan–Dragos DEACONU and Valentin NAVRAPESCU and Mihaela ALBU and Constantin GHITA},
  title = {On the Model of a Hybrid Step Motor},
  journal   = {IEEE Publishers},
  year = {University Politehnica of Bucharest - 2007},
}

@BOOK{Fitz,
	author={et al FITZGERALD},
	title={Máquinas Elétricas: Com introdução a eletrônica de potência.},
	publisher={Bookman},
	year={2006},
	volume={6ª edição},
	address={Porto Alegre, R.S.}
}

@INPROCEEDINGS{refbib3,
  author    = "S. A. González and M. I. Valla and C. H. Muravchik",
  title     = "A Phase Modulated DGPS Transmitter Implemented with a CMRC",
  booktitle = "Proceedings of COBEP",
  volume    = 2,
  pages     = "553-558",
  year      = "2001"
}

@BOOK{MoonsHSM,
  author    = {Moons Industries},
  title     = {Aplication Note - HYBRID STEPPING MOTORS},
  publisher = {Moons Industries},
  edition   = {1nd},
  address   = {Shanghai, China.},
  year      = {2014},
}

@BOOK{SteppingBook,
	author    = {Paul Acarnley},
	title     = {Aplication Note - HYBRID STEPPING MOTORS Stepping Motors - a guide to theory and practice},
	publisher = {The Institution of Engineering and Technology},
	edition   = {4ª},
	address   = {London, United Kingdom.},
	year      = {2002},
}

@misc{refbib5,
  author    = {T. A. Lipo and M. D. Manjrekar},
  title     = {Hybrid Topology for Multilevel Power Conversion},
  year      = {1999},
  month     =  "21~" # dec,
  note      = "{US} Patent 6 005 788",
}

@misc{PETele,
	author    = {Felipe Gon¸calves Brites and Vinicius Puga de Almeida Santos},
	title     = {Motor de Passo},
	year      = {2008},
	month     =  Junho,
	note      = "Universidade Federal Fluminense - Escola de Engenharia,Niterói - RJ",
}

@techreport{aplciacoes,
  author       = "Portescap",
  title        = "Hybrid Stepper Motors",
  institution  = "Digikey",
  year         = "2015",
}

@misc{angulo_rotor,
  author    = "{Nesh Basnet and Subash Shrestha and Lhakpa Dhondup and Lobsang Lekshey and Shiraz Macuff}",
  title     = "{Introduction to Stepper Motors}",
  year      = "2013",
  url       = {iaasr.com/introduction-to-stepper-motors},
  howpublished = "Online",
}

@phdthesis{refbib8,
  author    = {I. Barbi},
  title     = {Etude de Onduleurs Autoadaptifs Destines a la Alimentation de Machines Assynchrones},
  school    = {Institut National Polytechnique de Toulouse},
  year      = 1979,
  address   = {Toulouse, França},
}

%  article{article,
%  author  = {Peter Adams},
%  title   = {The title of the work},
%  journal = {The name of the journal},
%  year    = 1993,
%  number  = 2,
%  pages   = {201-213},
%  month   = 7,
%  note    = {An optional note},
%  volume  = 4
%}
%
%  book{book,
%  author    = {Peter Babington},
%  title     = {The title of the work},
%  publisher = {The name of the publisher},
%  year      = 1993,
%  volume    = 4,
%  series    = 10,
%  address   = {The address},
%  edition   = 3,
%  month     = 7,
%  note      = {An optional note},
%  isbn      = {3257227892}
%}
%
%  booklet{booklet,
%  title        = {The title of the work},
%  author       = {Peter Caxton},
%  howpublished = {How it was published},
%  address      = {The address of the publisher},
%  month        = 7,
%  year         = 1993,
%  note         = {An optional note}
%}
%
%  conference{conference,
%  author       = {Peter Draper},
%  title        = {The title of the work},
%  booktitle    = {The title of the book},
%  year         = 1993,
%  editor       = {The editor},
%  volume       = 4,
%  series       = 5,
%  pages        = 213,
%  address      = {The address of the publisher},
%  month        = 7,
%  organization = {The organization},
%  publisher    = {The publisher},
%  note         = {An optional note}
%}
%
%  inbook{inbook,
%  author       = {Peter Eston},
%  title        = {The title of the work},
%  chapter      = 8,
%  pages        = {201-213},
%  publisher    = {The name of the publisher},
%  year         = 1993,
%  volume       = 4,
%  series       = 5,
%  address      = {The address of the publisher},
%  edition      = 3,
%  month        = 7,
%  note         = {An optional note}
%}
%
%  incollection{incollection,
%  author       = {Peter Farindon},
%  title        = {The title of the work},
%  booktitle    = {The title of the book},
%  publisher    = {The name of the publisher},
%  year         = 1993,
%  editor       = {The editor},
%  volume       = 4,
%  series       = 5,
%  chapter      = 8,
%  pages        = {201-213},
%  address      = {The address of the publisher},
%  edition      = 3,
%  month        = 7,
%  note         = {An optional note}
%}
%  manual{manual,
%  title        = {The title of the work},
%  author       = {Peter Gainsford},
%  organization = {The organization},
%  address      = {The address of the publisher},
%  edition      = 3,
%  month        = 7,
%  year         = 1993,
%  note         = {An optional note}
%}
%
%  mastersthesis{mastersthesis,
%  author       = {Peter Harwood},
%  title        = {The title of the work},
%  school       = {The school where the thesis was written},
%  year         = 1993,
%  address      = {The address of the publisher},
%  month        = 7,
%  note         = {An optional note}
%}
%
%  misc{misc,
%  author       = {Peter Isley},
%  title        = {The title of the work},
%  howpublished = {How it was published},
%  month        = 7,
%  year         = 1993,
%  note         = {An optional note}
%}
%
%  phdthesis{phdthesis,
%  author       = {Peter Joslin},
%  title        = {The title of the work},
%  school       = {The school where the thesis was written},
%  year         = 1993,
%  address      = {The address of the publisher},
%  month        = 7,
%  note         = {An optional note}
%}
%
%  proceedings{proceedings,
%  title        = {The title of the work},
%  year         = 1993,
%  editor       = {Peter Kidwelly},
%  volume       = 4,
%  series       = 5,
%  address      = {The address of the publisher},
%  month        = 7,
%  organization = {The organization},
%  publisher    = {The name of the publisher},
%  note         = {An optional note}
%}
%
%  techreport{techreport,
%  author       = {Peter Lambert},
%  title        = {The title of the work},
%  institution  = {The institution that published},
%  year         = 1993,
%  number       = 2,
%  address      = {The address of the publisher},
%  month        = 7,
%  note         = {An optional note}
%}
%
%  unpublished{unpublished,
%  author       = {Peter Marcheford},
%  title        = {The title of the work},
%  note         = {An optional note},
%  month        = 7,
%  year         = 1993
%}
